@article{tradingreinforcement,
	author = {Dab√©rius, Kevin and Granat, Elvin and Karlsson, Patrik},
	title = {Deep Execution - Value and Policy Based Reinforcement Learning for Trading and Beating Market Benchmarks},
	year = 2019,
	url = "http://dx.doi.org/10.2139/ssrn.3374766"
}
